<record><leader>00000cas a22000007a 4500</leader><controlfield tag="001">14066969</controlfield><controlfield tag="008">860808d19071909nvucr ne      0    0eng d</controlfield><datafield ind1=" " ind2=" " tag="010"><subfield code="a">sn 86076356 </subfield></datafield><datafield ind1=" " ind2=" " tag="040"><subfield code="a">NNX</subfield><subfield code="b">eng</subfield><subfield code="c">NNX</subfield><subfield code="d">OCLCQ</subfield></datafield><datafield ind1=" " ind2=" " tag="042"><subfield code="a">msc</subfield></datafield><datafield ind1="0" ind2="4" tag="245"><subfield code="a">The Silver state news.</subfield></datafield><datafield ind1=" " ind2=" " tag="260"><subfield code="a">Winnemucca, Nev. :</subfield><subfield code="b">Case &amp; Wright,</subfield><subfield code="c">1907-1909.</subfield></datafield><datafield ind1=" " ind2=" " tag="300"><subfield code="a">3 v. :</subfield><subfield code="b">ill.</subfield></datafield><datafield ind1=" " ind2=" " tag="310"><subfield code="a">Semiweekly</subfield></datafield><datafield ind1="0" ind2=" " tag="362"><subfield code="a">Vol. 1, no. 1 (June 20, 1907)-v. 3, no. 43 (Sept. 7, 1909).</subfield></datafield><datafield ind1=" " ind2=" " tag="515"><subfield code="a">Frequent misnumberings.</subfield></datafield><datafield ind1=" " ind2=" " tag="752"><subfield code="a">United States</subfield><subfield code="b">Nevada</subfield><subfield code="c">Humboldt</subfield><subfield code="d">Winnemucca.</subfield></datafield><datafield ind1="0" ind2="0" tag="780"><subfield code="t">Daily silver state</subfield><subfield code="w">(DLC)sn 86076224</subfield><subfield code="w">(OCoLC)13788871</subfield></datafield><datafield ind1="0" ind2="0" tag="785"><subfield code="t">Silver state (Winnemucca, Nev. : 1909)</subfield><subfield code="w">(DLC)sn 86076247</subfield><subfield code="w">(OCoLC)13789007</subfield></datafield></record>